@article{visscher-1972,
  author = {William M. Visscher and M. Bolsterli},
  title = {Random Packing of Equal and Unequal Spheres
    in Two and Three Dimensions},
  date = {1972-10-27},
  journal = {Nature},
  volume = {239},
  number = {5374},
  pages = {504--507},
  publisher = {Nature Publishing Group},
}

@book{steen-1978,
  title = {Counterexamples in Topology},
  author = {Lynn Arthur Steen and J. Arthur Seebach, Junior},
  date = {1978},
  edition = {2},
  publisher = {Springer-Verlag},
}

@article{tobochnik-1988,
  author = {Jan Tobochnik and Phillip M. Chapin},
  title = {Monte Carlo Simulation of Hard Spheres Near Random Closest Packing
    Using Spherical Boundary Conditions},
  date = {1988-05-01},
  journal = {The Journal of Chemical Physics},
  volume = {88},
  number = {9},
  pages = {5824--5830},
}

@article{stoyan-1991,
  author = {Dietrich Stoyan and Victor Bene\v s},
  title = {Anisotropy Analysis for Particle Systems},
  date = {1991},
  journal = {Journal of Microscopy},
  volume = {164},
  number = {2},
  pages = {159--168},
  publisher = {Wiley Online Library},
}

@book{conway-1998,
  author = {John H. Conway and Neil J. A. Sloane},
  title = {Sphere Packings, Lattices and Groups},
  date = {1998},
  edition = {3},
  publisher = {Springer},
}

@article{torquato-2000,
  author = {S. Torquato and T. M. Truskett and P. G. Debenedetti},
  title = {Is Random Close Packing of Spheres Well Defined?},
  date = {2000-03-06},
  journal = {Physical Review Letters},
  volume = {84},
  number = {10},
  pages = {2064--2067},
  publisher = {American Physical Society},
}

@article{truskett-2000,
  author = {T. M. Truskett and S. Torquato and P. G. Debenedetti},
  title = {Towards a Quantification of Disorder in Materials:
    Distinguishing Equilibrium and Glassy Sphere Packings},
  date = {2000-07-01},
  journal = {Physical Review E},
  volume = {62},
  number = {1},
  pages = {993--1001},
  publisher = {American Physical Society},
}

@book{torquato-2002,
  author = {Salvatore Torquato},
  title = {Random Heterogeneous Materials:
    Microstructure and Macroscopic Properties},
  date = {2002},
  publisher = {Springer},
}

@book{gelbaum-2003,
  author = {Bernard R. Gelbaum and John M. H. Olmsted},
  title = {Counterexamples in Analysis},
  date = {2003},
  publisher = {Dover},
}

@book{poschel-2005,
  author = {Thorsten P\"oschel and Thomas Schwager},
  title = {Computational Granular Dynamics: Models and Algorithms},
  series = {Scientific Computation},
  date = {2005},
  publisher = {Springer},
}

@article{donev-2006,
  author = {Aleksandar Donev and Joshua Burton and
    Frank H. Stillinger and Salvatore Torquato},
  title = {Tetratic order in the phase behavior of a hard-rectangle system},
  date = {2006-02-24},
  journal = {Physical Review B},
  volume = {73},
  number = {5},
  pages = {054109},
  publisher = {American Physical Society},
}

@article{saintillan-2007,
  author = {David Saintillan and Michael J. Shelley},
  title = {Orientational Order and Instabilities
    in Suspensions of Self-Locomoting Rods},
  date = {2007-08-03},
  journal = {Physical Review Letters},
  volume = {99},
  number = {5},
  pages = {058102},
  publisher = {American Physical Society},
}

@article{jiao-2011,
  author = {Yang Jiao and Salvatore Torquato},
  title = {Maximally Random Jammed Packings of Platonic Solids:
    Hyperuniform Long-Range Correlations and Isostaticity},
  date = {2011},
  journal = {Physical Review E},
  volume = {84},
  number = {4},
  pages = {041309},
  publisher = {American Physical Society},
}

@book{ufp-2013,
  author = {{The Univalent Foundations Program}},
  title = {Homotopy Type Theory: Univalent Foundations of Mathematics},
  date = {2013},
  publisher = {Institute for Advanced Study},
}

@article{strobl-2016,
  author = {Severin Strobl and Arno Formella and Thorsten P\"oschel},
  title = {Exact Calculation of the Overlap Volume
    of Spheres and Mesh Elements},
  journal = {Journal of Computational Physics},
  volume = {311},
  pages = {158--172},
  year = {2016},
  publisher = {Elsevier},
}

@thesis{kiiskinen-2018,
  author = {Sampsa Kiiskinen},
  title = {Variations of a Discrete Element Method
    for Friction between Shearing Brittle Surfaces},
  date = {2018-01-22},
  type = {mathesis},
  school = {University of Jyv\"askyl\"a},
}
